@article{bkt_wiki,
    author  = "Wikipedia",
    title   = "\textlatin{{B}ayesian {K}nowledge {T}racing ({BKT})}",
    url     = "https://en.wikipedia.org/wiki/Bayesian_knowledge_tracing"
}
